@article{rosenblatt1958perceptron,
  title={The perceptron: a probabilistic model for information storage and organization in the brain.},
  author={Rosenblatt, Frank},
  journal={Psychological review},
  volume={65},
  number={6},
  pages={386},
  year={1958},
  publisher={American Psychological Association}
}

@article{ghosh2009spiking,
  title={Spiking neural networks},
  author={Ghosh-Dastidar, Samanwoy and Adeli, Hojjat},
  journal={International journal of neural systems},
  volume={19},
  number={04},
  pages={295--308},
  year={2009},
  publisher={World Scientific}
}

@article{buonomano2009state,
  title={State-dependent computations: spatiotemporal processing in cortical networks},
  author={Buonomano, Dean V and Maass, Wolfgang},
  journal={Nature Reviews Neuroscience},
  volume={10},
  number={2},
  pages={113--125},
  year={2009},
  publisher={Nature Publishing Group}
}

@article{maass2002real,
  title={Real-time computing without stable states: A new framework for neural computation based on perturbations},
  author={Maass, Wolfgang and Natschl{\"a}ger, Thomas and Markram, Henry},
  journal={Neural computation},
  volume={14},
  number={11},
  pages={2531--2560},
  year={2002},
  publisher={MIT Press}
}

@article{jaeger2001echo,
  title={The “echo state” approach to analysing and training recurrent neural networks-with an erratum note},
  author={Jaeger, Herbert},
  journal={Bonn, Germany: German National Research Center for Information Technology GMD Technical Report},
  volume={148},
  pages={34},
  year={2001}
}

@article{eliasmith2012large,
  title={A large-scale model of the functioning brain},
  author={Eliasmith, Chris and Stewart, Terrence C and Choo, Xuan and Bekolay, Trevor and DeWolf, Travis and Tang, Yichuan and Rasmussen, Daniel},
  journal={science},
  volume={338},
  number={6111},
  pages={1202--1205},
  year={2012},
  publisher={American Association for the Advancement of Science}
}

@article{markram2006blue,
  title={The blue brain project},
  author={Markram, Henry},
  journal={Nature Reviews Neuroscience},
  volume={7},
  number={2},
  pages={153--160},
  year={2006},
  publisher={Nature Publishing Group}
}

@article{yamazaki2007cerebellum,
  title={The cerebellum as a liquid state machine},
  author={Yamazaki, Tadashi and Tanaka, Shigeru},
  journal={Neural Networks},
  volume={20},
  number={3},
  pages={290--297},
  year={2007},
  publisher={Elsevier}
}

@article{baker2003there,
  title={Is there a support vector machine hiding in the dentate gyrus?},
  author={Baker, John L},
  journal={Neurocomputing},
  volume={52},
  pages={199--207},
  year={2003},
  publisher={Elsevier}
}

@article{bakker2008pattern,
  title={Pattern separation in the human hippocampal CA3 and dentate gyrus},
  author={Bakker, Arnold and Kirwan, C Brock and Miller, Michael and Stark, Craig EL},
  journal={Science},
  volume={319},
  number={5870},
  pages={1640--1642},
  year={2008},
  publisher={American Association for the Advancement of Science}
}

@article{schrauwen2008compact,
  title={Compact hardware liquid state machines on FPGA for real-time speech recognition},
  author={Schrauwen, Benjamin and D’Haene, Michiel and Verstraeten, David and Van Campenhout, Jan},
  journal={Neural Networks},
  volume={21},
  number={2},
  pages={511--523},
  year={2008},
  publisher={Elsevier}
}

@article{verstraeten2005isolated,
  title={Isolated word recognition with the liquid state machine: a case study},
  author={Verstraeten, David and Schrauwen, Benjamin and Stroobandt, Dirk and Van Campenhout, Jan},
  journal={Information Processing Letters},
  volume={95},
  number={6},
  pages={521--528},
  year={2005},
  publisher={Elsevier}
}

@inproceedings{joshi2004movement,
  title={Movement generation and control with generic neural microcircuits},
  author={Joshi, Prashant and Maass, Wolfgang},
  booktitle={International Workshop on Biologically Inspired Approaches to Advanced Information Technology},
  pages={258--273},
  year={2004},
  organization={Springer}
}

@article{vitay2015annarchy,
  title={ANNarchy: a code generation approach to neural simulations on parallel hardware},
  author={Vitay, Julien and Dinkelbach, Helge {\"U} and Hamker, Fred H},
  journal={Frontiers in neuroinformatics},
  volume={9},
  year={2015},
  publisher={Frontiers Media SA}
}

@article{goodman2009brian,
  title={The brian simulator},
  author={Goodman, Dan FM and Brette, Romain},
  journal={Frontiers in neuroscience},
  volume={3},
  pages={26},
  year={2009},
  publisher={Frontiers}
}

@book{eliasmith2004neural,
  title={Neural engineering: Computation, representation, and dynamics in neurobiological systems},
  author={Eliasmith, Chris and Anderson, Charles H},
  year={2004},
  publisher={MIT press}
}

@article{joshi2007memory,
  title={From memory-based decisions to decision-based movements: A model of interval discrimination followed by action selection},
  author={Joshi, Prashant},
  journal={Neural networks},
  volume={20},
  number={3},
  pages={298--311},
  year={2007},
  publisher={Elsevier}
}

@article{yamamoto2002wiring,
  title={Wiring of the brain by a range of guidance cues},
  author={Yamamoto, Nobuhiko and Tamada, Atsushi and Murakami, Fujio},
  journal={Progress in neurobiology},
  volume={68},
  number={6},
  pages={393--407},
  year={2002},
  publisher={Elsevier}
}

@article{kaiser2009simple,
  title={A simple rule for axon outgrowth and synaptic competition generates realistic connection lengths and filling fractions},
  author={Kaiser, Marcus and Hilgetag, Claus C and Van Ooyen, Arjen},
  journal={Cerebral Cortex},
  volume={19},
  number={12},
  pages={3001--3010},
  year={2009},
  publisher={Oxford Univ Press}
}

@article{gupta2000organizing,
  title={Organizing principles for a diversity of GABAergic interneurons and synapses in the neocortex},
  author={Gupta, Anirudh and Wang, Yun and Markram, Henry},
  journal={Science},
  volume={287},
  number={5451},
  pages={273--278},
  year={2000},
  publisher={American Association for the Advancement of Science}
}

@article{watts1998collective,
  title={Collective dynamics of ‘small-world’networks},
  author={Watts, Duncan J and Strogatz, Steven H},
  journal={nature},
  volume={393},
  number={6684},
  pages={440--442},
  year={1998},
  publisher={Nature Publishing Group}
}

@article{kolb20webvision,
  title={Webvision--the organization of the vertebrate retina. electronic publication},
  year={2000}
  author={Kolb, H and Fernandez, E and Nelson, R},
  journal={URL http://www.webvision.med.utah. edu/index.html},
  volume={20},
  pages={21--23}
}

@misc{corenward,
  author={Coren, Stanley, Ward,  Lawrence, and Emms James},
  year ={1994},
  title={Sensation and Perception},
  publisher={Fort Worth, TX: Harcourt Brace}
}

@book{kandel2000principles,
  title={Principles of neural science},
  author={Kandel, Eric R and Schwartz, James H and Jessell, Thomas M and Siegelbaum, Steven A and Hudspeth, AJ},
  volume={4},
  year={2000},
  publisher={McGraw-hill New York}
}

@article{hartline1938response,
  title={The response of single optic nerve fibers of the vertebrate eye to illumination of the retina},
  author={Hartline, H Keffer},
  journal={American Journal of Physiology--Legacy Content},
  volume={121},
  number={2},
  pages={400--415},
  year={1938},
  publisher={Am Physiological Soc}
}

@article {TJP19621601106,
author = {Hubel, David H, and Wiesel, Torsten N},
title = {Receptive fields, binocular interaction and functional architecture in the cat's visual cortex},
journal = {The Journal of Physiology},
volume = {160},
number = {1},
issn = {1469-7793},
url = {http://dx.doi.org/10.1113/jphysiol.1962.sp006837},
doi = {10.1113/jphysiol.1962.sp006837},
pages = {106--154},
year = {1962},
}
@article{hubel1968receptive,
  title={Receptive fields and functional architecture of monkey striate cortex},
  author={Hubel, David H and Wiesel, Torsten N},
  journal={The Journal of physiology},
  volume={195},
  number={1},
  pages={215--243},
  year={1968},
  publisher={Wiley Online Library}
}

@article{ursino2004model,
  title={A model of contextual interactions and contour detection in primary visual cortex},
  author={Ursino, Mauro and La Cara, Giuseppe Emiliano},
  journal={Neural Networks},
  volume={17},
  number={5},
  pages={719--735},
  year={2004},
  publisher={Elsevier}
}

@article{hubel1969anatomical,
  title={Anatomical demonstration of columns in the monkey striate cortex},
  author={Hubel, David H and Wiesel, Torsten N},
  journal={Nature},
  volume={221},
  number={5182},
  pages={747--750},
  year={1969}
}

@article{goebel2004visual,
  title={Visual system},
  author={Goebel, Rainer and Muckli, Lars and Kim, DS},
  journal={The Human Nervous System Elsevier, San Diego},
  pages={1280--1305},
  year={2004}
}

@article{hubel1977ferrier,
  title={Ferrier lecture: Functional architecture of macaque monkey visual cortex},
  author={Hubel, David H and Wiesel, Torsten N},
  journal={Proceedings of the Royal Society of London B: Biological Sciences},
  volume={198},
  number={1130},
  pages={1--59},
  year={1977},
  publisher={The Royal Society}
}

@book{zeki1993vision,
  title={A Vision of the Brain},
  author={Zeki, Semir},
  year={1993},
  publisher={Oxford Univ Press}
}

@article{hung2005fast,
  title={Fast readout of object identity from macaque inferior temporal cortex},
  author={Hung, Chou P and Kreiman, Gabriel and Poggio, Tomaso and DiCarlo, James J},
  journal={Science},
  volume={310},
  number={5749},
  pages={863--866},
  year={2005},
  publisher={American Association for the Advancement of Science}
}

@article{masquelier2007unsupervised,
	doi = {10.1371/journal.pcbi.0030031},
	url = {http://dx.doi.org/10.1371/journal.pcbi.0030031},
	year = 2007,
	publisher = {Public Library of Science ({PLoS})},
	volume = {3},
	number = {2},
	pages = {e31},
	author = {Timoth{\'{e}}e Masquelier and Simon J. Thorpe},
	title = {Unsupervised Learning of Visual Features through Spike Timing Dependent Plasticity},
	journal = {{PLoS} Comput Biol}
}

@article{Rullen_2001,
	doi = {10.1162/08997660152002852},
	url = {http://dx.doi.org/10.1162/08997660152002852},
	year = 2001,
	month = {jun},
	publisher = {{MIT} Press - Journals},
	volume = {13},
	number = {6},
	pages = {1255--1283},
	author = {Rufin Van Rullen and Simon J. Thorpe},
	title = {Rate Coding Versus Temporal Order Coding: What the Retinal Ganglion Cells Tell the Visual Cortex},
	journal = {Neural Computation}
}

@article{song2000competitive,
  title={Competitive Hebbian learning through spike-timing-dependent synaptic plasticity},
  author={Song, Sen and Miller, Kenneth D and Abbott, Larry F},
  journal={Nature neuroscience},
  volume={3},
  number={9},
  pages={919--926},
	doi = {10.1038/78829},
	url = {http://dx.doi.org/10.1038/78829},
	year = 2000,
	month = {sep},
  publisher={Nature Publishing Group}
}

@article{guyonneau2005neurons,
  title={Neurons tune to the earliest spikes through STDP},
  author={Guyonneau, Rudy and VanRullen, Rufin and Thorpe, Simon J},
  journal={Neural Computation},
  volume={17},
  number={4},
  pages={859--879},
  year={2005},
  publisher={MIT Press}
}

@inproceedings{serre2005object,
	doi = {10.1109/cvpr.2005.254},
  title={Object recognition with features inspired by visual cortex},
  author={Serre, Thomas and Wolf, Lior and Poggio, Tomaso},
  booktitle={2005 IEEE Computer Society Conference on Computer Vision and Pattern Recognition (CVPR'05)},
  volume={2},
  pages={994--1000},
  year={2005},
  organization={IEEE}
  }

@article{riesenhuber1999hierarchical,
	doi = {10.1038/14819},
	url = {http://dx.doi.org/10.1038/14819},
  title={Hierarchical models of object recognition in cortex},
  author={Riesenhuber, Maximilian and Poggio, Tomaso},
  journal={Nature neuroscience},
  volume={2},
  number={11},
  pages={1019--1025},
  year={1999},
  publisher={Nature Publishing Group}
}

@article{albrecht2002visual,
	title = {Visual Cortex Neurons of Monkeys and Cats: Temporal Dynamics of the Contrast Response Function},
  author={Albrecht, Duane G and Geisler, Wilson S and Frazor, Robert A and Crane, Alison M},
  journal={Journal of Neurophysiology},
  volume={88},
  number={2},
  pages={888--913},
  year={2002},
	publisher = {American Physiological Society},
}

@article{celebrini1993dynamics,
	doi = {10.1017/s0952523800006052},
	url = {http://dx.doi.org/10.1017/s0952523800006052},
	year = 1993,
	month = {sep},
	publisher = {Cambridge University Press ({CUP})},
	volume = {10},
	number = {05},
	pages = {811--825},
	author = {Celebrini, Simona and Thorpe, Simon and Trotter, Yves and Imbert, Michel},
	title = {Dynamics of orientation coding in area V1 of the awake primate},
	journal={Visual neuroscience},
}

@book{hebb1949organization,
  title={The organization of behavior: A neuropsychological approach},
  author={Hebb, Donald Olding},
  year={1949},
  publisher={John Wiley \& Sons}
}

@article{bliss1973long,
  title={Long-lasting potentiation of synaptic transmission in the dentate area of the unanaesthetized rabbit following stimulation of the perforant path},
  author={Bliss, Tim VP and Gardner-Medwin, AR},
  journal={The Journal of physiology},
  volume={232},
  number={2},
  pages={357},
  year={1973},
  publisher={Wiley-Blackwell}
}

@article{levy1983temporal,
  title={Temporal contiguity requirements for long-term associative potentiation/depression in the hippocampus},
  author={Levy, WB and Steward, O},
  journal={Neuroscience},
  volume={8},
  number={4},
  pages={791--797},
  year={1983},
  publisher={Elsevier}
}

@article{markram1997regulation,
  title={Regulation of synaptic efficacy by coincidence of postsynaptic APs and EPSPs},
  author={Markram, Henry and L{\"u}bke, Joachim and Frotscher, Michael and Sakmann, Bert},
  journal={Science},
  volume={275},
  number={5297},
  pages={213--215},
  year={1997},
  publisher={American Association for the Advancement of Science}
}

@article{bell1997synaptic,
  title={Synaptic plasticity in a cerebellum-like structure depends on temporal order.},
  author={Bell, Curtis C and Han, Victor Z and Sugawara, Yoshiko and Grant, Kirsty},
  journal={Nature},
  volume={387},
  number={6630},
  pages={278--281},
  year={1997}
}

@article{biederman1987recognition,
  title={Recognition-by-components: a theory of human image understanding.},
  author={Biederman, Irving},
  journal={Psychological review},
  volume={94},
  number={2},
  pages={115},
  year={1987},
  publisher={American Psychological Association}
}

@article{dicarlo2012does,
  title={How does the brain solve visual object recognition?},
  author={DiCarlo, James J and Zoccolan, Davide and Rust, Nicole C},
  journal={Neuron},
  volume={73},
  number={3},
  pages={415--434},
  year={2012},
  publisher={Elsevier}
}

@article{fukushima1980neocognitron,
  title={Neocognitron: A self-organizing neural network model for a mechanism of pattern recognition unaffected by shift in position},
  author={Fukushima, Kunihiko},
  journal={Biological cybernetics},
  volume={36},
  number={4},
  pages={193--202},
  year={1980},
  publisher={Springer}
}

@article{biederman1987recognition,
  title={Recognition-by-components: a theory of human image understanding.},
  author={Biederman, Irving},
  journal={Psychological review},
  volume={94},
  number={2},
  pages={115},
  year={1987},
  publisher={American Psychological Association}
}

@ARTICLE{Sjöström:2010,
AUTHOR = {Sjöström, J.  and Gerstner, W. },
TITLE   = {{S}pike-timing dependent plasticity},
YEAR	= 2010,
JOURNAL	= Scholarpedia,
VOLUME  = 5,
NUMBER  = 2,
PAGES   = 1362,
NOTE   = {{revision #151671}},
}

@article{bi1998synaptic,
  title={Synaptic modifications in cultured hippocampal neurons: dependence on spike timing, synaptic strength, and postsynaptic cell type},
  author={Bi, Guo-qiang and Poo, Mu-ming},
  journal={The Journal of neuroscience},
  volume={18},
  number={24},
  pages={10464--10472},
  year={1998},
  publisher={Soc Neuroscience}
}

@article{zhang1998critical,
  title={A critical window for cooperation and competition among developing retinotectal synapses},
  author={Zhang, Li I and Tao, Huizhong W and Holt, Christine E and Harris, William A and Poo, Mu-ming},
  journal={Nature},
  volume={395},
  number={6697},
  pages={37--44},
  year={1998},
  publisher={Nature Publishing Group}
}

@article{song2000competitive,
  title={Competitive Hebbian learning through spike-timing-dependent synaptic plasticity},
  author={Song, Sen and Miller, Kenneth D and Abbott, Larry F},
  journal={Nature neuroscience},
  volume={3},
  number={9},
  pages={919--926},
  year={2000},
  publisher={Nature Publishing Group}
}

@incollection{hourdakis2011improving,
  title={Improving the classification performance of Liquid State Machines based on the separation property},
  author={Hourdakis, Emmanouil and Trahanias, Panos},
  booktitle={Engineering Applications of Neural Networks},
  pages={52--62},
  year={2011},
  publisher={Springer}
}

@article{fisher1936use,
  title={The use of multiple measurements in taxonomic problems},
  author={Fisher, Ronald A},
  journal={Annals of eugenics},
  volume={7},
  number={2},
  pages={179--188},
  year={1936},
  publisher={Wiley Online Library}
}

@article{ju2013effects,
  title={Effects of synaptic connectivity on liquid state machine performance},
  author={Ju, Han and Xu, Jian-Xin and Chong, Edmund and VanDongen, Antonius MJ},
  journal={Neural Networks},
  volume={38},
  pages={39--51},
  year={2013},
  publisher={Elsevier}
}

@inproceedings{grzyb2009model,
  title={Which model to use for the liquid state machine?},
  author={Grzyb, Beata J and Chinellato, Eris and Wojcik, Grzegorz M and Kaminski, Wieslaw A},
  booktitle={2009 International Joint Conference on Neural Networks},
  pages={1018--1024},
  year={2009},
  organization={IEEE}
}

@article{norton2006preparing,
  title={Preparing more effective liquid state machines using hebbian learning},
  author={Norton, David and Ventura, Dan A},
  year={2006},
  publisher={IEEE}
}

@article{wojcik2015bray,
  title={Bray-Curtis Metrics as Measure of Liquid State Machine Separation Ability in Function of Connections Density},
  author={Wojcik, Grzegorz M and Wa{\.z}ny, Marcin},
  journal={Procedia Computer Science},
  volume={51},
  pages={2979--2983},
  year={2015},
  publisher={Elsevier}
}

@article{legenstein2007edge,
  title={Edge of chaos and prediction of computational performance for neural circuit models},
  author={Legenstein, Robert and Maass, Wolfgang},
  journal={Neural Networks},
  volume={20},
  number={3},
  pages={323--334},
  year={2007},
  publisher={Elsevier}
}
@article{kaiser2011tutorial,
  title={A tutorial in connectome analysis: topological and spatial features of brain networks},
  author={Kaiser, Marcus},
  journal={Neuroimage},
  volume={57},
  number={3},
  pages={892--907},
  year={2011},
  publisher={Elsevier}
}

@article{izhikevich2006polychronization,
  title={Polychronization: computation with spikes},
  author={Izhikevich, Eugene M},
  journal={Neural computation},
  volume={18},
  number={2},
  pages={245--282},
  year={2006},
  publisher={MIT Press}
}
